@article{goldenberg85,
  title		={A complete generalized solution to the inverse kinematics of 
    robots},
  author	={Goldenberg, A. and Benhabib, B. and Fenton, R.},
  journal	= {IEEE Journal of Robotics and Automation},
  volume	= {1},
  number	= {1},
  pages		= {14--20},
  year		= {1985}
}

@inproceedings{guez88,
  title		= {Solution to the inverse kinematics problem in robotics by 
    neural networks},
  author	= {Guez, A. and Ahmad, Z.},
  booktitle	= {IEEE International Conference on Neural Networks},
  pages		= {617--624},
  year		= {1988}
}

@article{chang87,
  title		= {A closed-form solution for inverse kinematics of robot 
    manipulators with redundancy},
  author	= {Chang, P.},
  journal	= {IEEE Journal of Robotics and Automation},
  volume	= {3},
  number	= {5},
  pages		= {393--403},
  year		= {1987}
}

@inproceedings{parker89,
  title		= {Inverse kinematics of redundant robots using genetic 
    algorithms},
  author	= {Parker, J.K. and Khoogar, A.R. and Goldberg, D.E.},
  booktitle	= {IEEE International Conference on Robotics and Automation},
  pages		= {271--276},
  year		= {1989}
}

@article{ahuactzin99,
  title		= {The kinematic roadmap: A motion planning based global approach 
    for inverse kinematics of redundant robots},
  author	= {Ahuactzin, J.M. and Gupta, K.K.},
  journal	={IEEE Transactions on Robotics and Automation},
  volume	= {15},
  number	= {4},
  pages	 	= {653--669},
  year		= {1999}
}
