@inproceedings{amato96,
  title={A randomized roadmap method for path and manipulation planning},
  author={Amato, Nancy M and Wu, Yan},
  booktitle={Robotics and Automation, 1996. Proceedings., 1996 IEEE International Conference on},
  volume={1},
  pages={113--120},
  year={1996},
  organization={IEEE}
}

@article{khatib86,
  title={Real-time obstacle avoidance for manipulators and mobile robots},
  author={Khatib, Oussama},
  journal={The international journal of robotics research},
  volume={5},
  number={1},
  pages={90--98},
  year={1986},
  publisher={Sage Publications}
}

@inproceedings{koren91,
  title={Potential field methods and their inherent limitations for mobile robot navigation},
  author={Koren, Yoram and Borenstein, Johann},
  booktitle={Robotics and Automation, 1991. Proceedings., 1991 IEEE International Conference on},
  pages={1398--1404},
  year={1991},
  organization={IEEE}
}

@inproceedings{connolly90,
  title={Path planning using Laplace's equation},
  author={Connolly, Christopher I and Burns, JB and Weiss, R},
  booktitle={Robotics and Automation, 1990. Proceedings., 1990 IEEE International Conference on},
  pages={2102--2106},
  year={1990},
  organization={IEEE}
}

@article{ge00,
  title={New potential functions for mobile robot path planning},
  author={Ge, Shuzhi Sam and Cui, Yan Juan},
  journal={Robotics and Automation, IEEE Transactions on},
  volume={16},
  number={5},
  pages={615--620},
  year={2000},
  publisher={IEEE}
}

@inproceedings{bessiere93,
  title={The “Ariadne's clew” algorithm: global planning with local methods},
  author={Bessiere, Pierre and Ahuactzin, J-M and Talbi, E-G and Mazer, Emmanuel},
  booktitle={Intelligent Robots and Systems' 93, IROS'93. Proceedings of the 1993 IEEE/RSJ International Conference on},
  volume={2},
  pages={1373--1380},
  year={1993},
  organization={IEEE}
}
