@article{lavalle98,
  title		= {Rapidly-Exploring Random Trees A New Tool for Path Planning},
  author	= {LaValle, S.M.},
  year		= {1998}
}

@article{lavalle00,
  title		= {Rapidly-exploring random trees: Progress and prospects},
  author	= {LaValle, S.M. and Kuffner Jr., J.J.},
  year		= {2000},
  publisher	= {Citeseer}
}

@inproceedings{yershova05,
  title		= {Dynamic-domain RRTs: Efficient exploration by controlling the 
    sampling domain},
  author	= {Yershova, A. and Jaillet, L. and Sim{\'e}on, T.  
    and LaValle, S.M.},
  booktitle = {IEEE International Conference on Robotics and Automation},
  pages		= {3856--3861},
  year		= {2005}
}

@inproceedings{vahrenkamp10,
  title		= {Integrated grasp and motion planning},
  author	= {Vahrenkamp, N. and Do, M. and Asfour, T. and Dillmann, R.},
  booktitle = {IEEE International Conference on Robotics and Automation},
  pages		= {2883--2888},
  year		= {2010}
}

@inproceedings{vande07,
  title		= {Randomized path planning for redundant manipulators without 
    inverse kinematics},
  author	= {Vande Weghe, M. and Ferguson, D. and Srinivasa, S.S.},
  booktitle	= {IEEE-RAS International Conferenceon Humanoid Robots},
  pages		= {477--482},
  year		= {2007}
}

@inproceedings{bertram06,
  title		= {An integrated approach to inverse kinematics and path planning 
    for redundant manipulators},
  author	= {Bertram, D. and Kuffner, J. and Dillmann, R. and Asfour, T.},
  booktitle = {IEEE International Conference on Robotics and Automation},
  pages		= {1874--1879},
  year		= {2006},
}

@inproceedings{diankov08,
  title		= {Bispace planning: Concurrent multi-space exploration},
  author	= {Diankov, R. and Ratliff, N. and Ferguson, D. and Srinivasa, S. 
    and Kuffner, J.},
  booktitle	= {Proceedings of Robotics: Science and Systems},
  volume	= {63},
  year		= {2008}
}

@inproceedings{yao05,
  title		= {Path planning with general end-effector constraints: Using 
    task space to guide configuration space search},
  author	= {Yao, Zhenwang and Gupta, Kamal},
  booktitle	= {IEEE/RSJ International Conference on Intelligent Robots and 
    Systems},
  pages		= {1875--1880},
  year		= {2005}
}

@inproceedings{vahrenkamp09,
  title		= {Humanoid motion planning for dual-arm manipulation and 
    re-grasping tasks},
  author	= {Vahrenkamp, N. and Berenson, D. and Asfour, T. and Kuffner, J. 
    and Dillmann, R.},
  booktitle	= {IEEE/RSJ International Conference on Intelligent Robots and 
    Systems},
  pages		= {2464--2470},
  year		= {2009}
}
